@Article{HolzKhar1994,
  author =	 {W.H.~Holzmann and H.~Kharaghani},
  title =	 {A computer search for complex {G}olay sequences},
  journal =	 {Austral.~J.~Combin.},
  year =	 1994,
  volume =	 {\textbf{10}},
  pages =	 {251--258}
}

@Article{CraigHolzKhar2002,
  author =	 {R.~Craigen and W.~Holzmann and H.~Kharaghani},
  title =	 {Complex {G}olay sequences: structure and applications},
  journal =	 {Discrete Math.},
  year =	 2002,
  volume =	 {\textbf{252}},
  pages =	 {73--89}
}

@Article{FiedJedPark2008,
  author =	 {F.~Fiedler and J.~Jedwab and M.G.~Parker},
  title =	 {A multi-dimensional approach to the construction and enumeration of {G}olay complementary sequences},
  journal =	 {J.~Combin.~Theory (A)},
  year =	 2008,
  volume =	 {\textbf{115}},
  pages =	 {753--776}
}

@Article{JedPark2007,
  author =	 {J.~Jedwab and M.G.~Parker},
  title =	 {Golay complementary array pairs},
  journal =	 {Designs, Codes and Cryptography},
  year =	 2007,
  volume =	 {\textbf{44}},
  pages =	 {209--216}
}

@Manual{lparse,
	title = {Lparse 1.0~user{'}s manual},
	author = {T.~Syrj$\ddot{\text{a}}$nen},
	note = {(http://www.tcs.hut.fi/Software/smodels/lparse.ps.gz)}
}

@Misc{Clasp,
	note = {(http://www.cs.uni-potsdam.de/clasp)}
}

@Misc{Smodels,
	note = {(http://www.tcs.hut.fi/Software/smodels)}
}

@Article{Itai1978,
	title = {Some matching problems for bipartite graphs},
	author = {A.~Itai and M.~Rodeh and S.L.~Tanimoto},
	journal = {Journal of the Association for Computing Machinery},
	year = {1978},
	volume = {\textbf{25}},
	pages = {517--525}
}


@Article{TurynStorer1961,
  author =	 {R.~Turyn and J.~Storer},
  title =	 {On binary sequences},
  journal =	 {Proc.~Amer.~Math.~Soc.},
  year =	 1961,
  volume =	 {\textbf{12}},
  pages =	 {394--399}
}

@Article{EliKerSaf1991,
  author =	 {S.~Eliahou and M.~Kervaire and B.~Saffari},
  title =	 {On {G}olay polynomial pairs},
  journal =	 {Advances App.~Math.},
  year =	 1991,
  volume =	 {\textbf{12}},
  pages =	 {235--292}
}

@Unpublished{JedPark2008,
  author =	 {J.~Jedwab and M.G.~Parker},
  title =	 {A construction of binary {G}olay sequence pairs from odd-length {B}arker sequences},
  note = {J. Combinatorial Designs},
  year = {submitted 2008}
}

@Unpublished{Fied2008,
  author =	 {F.~Fiedler},
  title =	 {Small {G}olay sequences},
  note =	 {in preparation}
}

@Article{FiedJed2006,
  author =	 {J.~Jedwab and F.~Fiedler},
  title =	 {How do more {G}olay sequences arise?},
  journal =	 {IEEE Trans.~Inform.~Theory},
  year =	 2006,
  volume =	 {\textbf{52}},
  pages =	 {4261--4266}
}

@Article{BorFerg2003,
  author =	 {P.B.~Borwein and R.A.~Ferguson},
  title =	 {A complete description of {G}olay pairs for lengths up to 100},
  journal =	 {Mathematics of Computation},
  year =	 2003,
  volume =	 {\textbf{73}},
  pages =	 {967--985}
}

@Article{Jed2008,
  author =	 {J.~Jedwab},
  title =	 {What can be used instead of a {B}arker sequence?},
  journal =	 {Contemporary Mathematics},
  year =	 2008,
  volume =	 {\textbf{461}},
  pages =	 {153--178}
}

@InCollection{Barker1953,
  author =	 {R.H.~Barker},
  title =	 {Group synchronizing of binary digital systems},
  booktitle = {Communication Theory},
  editor = {W.~Jackson},
  publisher = {Academic Press},
  address = {New York},
  year =	 1953,
  pages =	 {273--287}
}

@Article{Boehmer1967,
  author =	 {A.M.~Boehmer},
  title =	 {Binary pulse compression codes},
  journal =	 {IEEE Trans.~Inform.~Theory},
  year =	 1967,
  volume =	 {\textbf{IT-13}},
  pages =	 {156--167}
}

@Article{Welti1960,
  author =	 {G.R.~Welti},
  title =	 {Quaternary codes for pulsed radar},
  journal =	 {IRE Trans.~Inf.~Theory},
  year =	 1960,
  volume =	 {\textbf{IT-6}},
  pages =	 {400--408}
}

@Article{AlquaSchol1989,
  author =	 {S.~Alquaddoomi and R.A.~Scholtz},
  title =	 {On the nonexistence of {B}arker arrays and related matters},
  journal =	 {IEEE Trans.~Inform.~Theory},
  year =	 1989,
  volume =	 {\textbf{35}},
  pages =	 {1048--1057}
}

@PhDThesis{Dymond1992,
  author =	 {M.~Dymond},
  title =	 {Barker arrays: existence, generalization and alternatives},
  year =	 1992,
  school = {University of London}
}

@Article{DavJedSmith2007,
  author =	 {J.A.~Davis and J.~Jedwab and K.W.~Smith},
  title =	 {Proof of the {B}arker array conjecture},
  journal =	 {Proc.~Amer.~Math.~Soc.},
  year =	 2007,
  volume =	 {\textbf{135}},
  pages =	 {2011--2018}
}

@Article{JedPark2007Barker,
  author =	 {J.~Jedwab and M.G.~Parker},
  title =	 {There are no {B}arker arrays having more than two dimensions},
  journal =	 {Designs, Codes and Cryptography},
  year =	 2007,
  volume =	 {\textbf{43}},
  pages =	 {79--84}
}

@Article{JedYoshi2006,
  author =	 {J.~Jedwab and K.~Yoshida},
  title =	 {The peak sidelobe level of families of binary sequences},
  journal =	 {IEEE Trans.~Inform.~Theory},
  year =	 2006,
  volume =	 {\textbf{52}},
  pages =	 {2247--2254}
}

@Article{DmitriJed2007,
  author =	 {D.~Dmitriev and J.~Jedwab},
  title =	 {Bounds on the growth rate of the peak sidelobe level of binary sequences},
  journal =	 {Advances in Mathematics and Communications},
  year =	 2007,
  volume =	 {\textbf{1}},
  pages =	 {461--475}
}

@InProceedings{Jed2005,
  author =	 {J.~Jedwab},
  editor = {T.~Helleseth and others},
  title =	 {A survey of the merit factor problem for binary sequences},
  booktitle = {Sequences and Their Applications -- Proceedings of SETA 2004},
  organization = {Lecture Notes in Computer Science, vol.~3486},
  year =	 2005,
  publisher = {Springer-Verlag},
  pages =	 {30--55}
}

@Article{GolomSchol1965,
  author =	 {S.W.~Golomb and R.A.~Scholtz},
  title =	 {Generalized {B}arker sequences},
  journal =	 {IEEE Trans.~Inform.~Theory},
  year =	 1965,
  volume =	 {\textbf{IT-11}},
  pages =	 {533--537}
}

@Article{Turyn1974,
  author =	 {R.J.~Turyn},
  title =	 {Four-phase {B}arker codes},
  journal =	 {IEEE Trans.~Inform~Theory},
  year =	 1974,
  volume =	 {\textbf{IT-20}},
  pages =	 {366--371}
}

@Article{Golay1951,
  author =	 {M.J.E.~Golay},
  title =	 {Static multislit spectrometry and its application to the panoramic display of infrared spectra},
  journal =	 {J.~Opt.~Soc.~Amer.},
  year =	 1951,
  volume =	 {\textbf{41}},
  pages =	 {468--472}
}

@Article{Ohyama1978,
  author =	 {N.~Ohyama and T.~Honda and J.~Tsujiuchi},
  title =	 {An advanced coded imaging without side lobes},
  journal =	 {Optics Comm.},
  year =	 1978,
  volume =	 {\textbf{27}},
  pages =	 {339--344}
}

@Article{NazEtAl1989,
  author =	 {M.~Nazarathy and S.A.~Newton and R.P.~Giffard and D.S.~Moberly and F.~Sischka and {W.R.~Trutna, Jr.} and S.~Foster},
  title =	 {Real-time long range complementary correlation optical time domain reflectometer},
  journal =	 {IEEE J.~Lightwave Technology},
  year =	 1989,
  volume =	 {\textbf{7}},
  pages =	 {24--38}
}

@Article{NowEtAl2003,
  author =	 {A.~Nowicki and W.~Secomski and J.~Litniewski and I.~Trots and P.A.~Lewin},
  title =	 {On the application of signal compression using {G}olay's codes sequences in ultrasound diagnostic},
  journal =	 {Arch.~Acoustics},
  year =	 2003,
  volume =	 {\textbf{28}},
  pages =	 {313--324}
}

@Article{Golay1961,
  author =	 {M.J.E.~Golay},
  title =	 {Complementary series},
  journal =	 {IRE Trans.~Inform.~Theory},
  year =	 1961,
  volume =	 {\textbf{IT-7}},
  pages =	 {82--87}
}

@Article{Golay1962,
  author =	 {M.J.E.~Golay},
  title =	 {Note on ``{C}omplementary series"},
  journal =	 {Proc.~IRE},
  year =	 1962,
  volume =	 {\textbf{50}},
  pages =	 {84}
}

@Article{DavJed1999,
  author =	 {J.A.~Davis and J.~Jedwab},
  title =	 {Peak-to-mean power control in {OFDM}, {G}olay complementary sequences, and {R}eed-{M}uller codes},
  journal =	 {IEEE Trans.~Inform.~Theory},
  year =	 1999,
  volume =	 {\textbf{45}},
  pages =	 {2397--2417}
}

@Unpublished{FiedJedWiebe2008,
  author =	 {F.~Fiedler and J.~Jedwab and A.~Wiebe},
  title =	 {A new source of seed pairs for {G}olay sequences of length $2^m$},
  note =	 {J.~Combin. Theory (A)},
  year = {submitted 2008}
}

@Article{Turyn1974Prod,
  author =	 {R.J.~Turyn},
  title =	 {Hadamard matrices, {B}aumert-{H}all units, four-symbol sequences, pulse compression, and surface wave encodings},
  journal =	 {J.~Combin.~Theory (A)},
  year =	 1974,
  volume =	 {\textbf{16}},
  pages =	 {313--333}
}

@Article{Bud1990,
  author =	 {S.Z.~Budi\u{s}in},
  title =	 {New complementary pairs of sequences},
  journal =	 {Electron.~Lett.},
  year =	 1990,
  volume =	 {\textbf{26}},
  pages =	 {881--883}
}

@Mastersthesis{Gib2008,
	author = 	{R.G.~Gibson},
	title = 	{Quaternary {G}olay sequence pairs},
	year = 	2008,
	school = 	{Simon Fraser University}
}

@Unpublished{GibJed2008I,
  author = {R.G.~Gibson and J.~Jedwab},
  title = {Quaternary {G}olay sequence pairs {I}: even number of elements},
  note = {Designs, Codes and Cryptography},
  year = {submitted????? 2008 }
}

@Unpublished{GibJed2008II,
  author = {R.G.~Gibson and J.~Jedwab},
  title = {Quaternary {G}olay sequence pairs {II}: odd number of elements},
  note = {Designs, Codes and Cryptography},
  year = {submitted????? 2008 }
}

@Article{Trick2002,
  author =	 {M.A.~Trick},
  title =	 {Integer and constraint programming approaches for round-robin tournament scheduling},
  journal =	 {PATAT},
  year =	 2002,
  pages =	 {63--77}
}

@Article{Schaerf1999,
  author =	 {A.~Schaerf},
  title =	 {Scheduling sport tournaments using constraint logic programming},
  journal =	 {Constraints: An International Journal},
  year =	 1999,
  volume =	 {\textbf{4}},
  pages =	 {43--65}
}

@Article{SuzukaEtAl2006,
  author =	 {A.~Suzuka and R.~Miyashiro and A.~Yoshise and T.~Matsui},
  title =	 {Dependent randomized rounding to the home-away assignment problem in sports scheduling},
  journal =	 {IEICE Trans. Fundamentals},
  year =	 2006,
  volume =	 {\textbf{E89-A}},
  pages =	 {1407--1416}
}

@Manual{lparse,
	title = {Lparse 1.0~user{'}s manual},
	author = {T.~Syrj$\ddot{\text{a}}$nen},
	note = {(http://www.tcs.hut.fi/Software/smodels/lparse.ps.gz)}
}

@Misc{Clasp,
	note = {(http://www.cs.uni-potsdam.de/clasp)}
}

@Misc{Smodels,
	note = {(http://www.tcs.hut.fi/Software/smodels)}
}

@Article{Itai1978,
	title = {Some matching problems for bipartite graphs},
	author = {A.~Itai and M.~Rodeh and S.L.~Tanimoto},
	journal = {Journal of the Association for Computing Machinery},
	year = {1978},
	volume = {\textbf{25}},
	pages = {517--525}
}

@Article{weka,
	author = {M.~Hall and E.~Frank and G.~Holmes and B.~Pfahringer and P.~Reutemann and I.H.~Witten},
	title =	 {The {WEKA} Data Mining Software: An Update},
	journal = {SIGKDD Explorations},
	year = {2009},
	volume = {\textbf{11}},
	pages = {10--18}
}

@Misc{uci,
author = "A.~Asuncion and D.J.~Newman",
year = "2007",
title = "{UCI} Machine Learning Repository",
howpublished = {http://www.ics.uci.edu/$\sim$mlearn/{MLR}epository.html},
institution = "University of California, Irvine, School of Information and Computer Sciences"
}

@Conference{RiskBots,
	title = {Using multi-agent system technology in risk bots},
	author = {S.J.~Johansson and F.~Olsson},
	booktitle = {AIIDE},
	year = {2006},
	pages = {42--47}
}

@Conference{ZuckFelnerKraus2009,
	title = {Mixing search strategies for multi-player games},
	author = {I.~Zuckerman and A.~Felner and S.~Kraus},
	booktitle = {IJCAI},
	year = {2009},
	pages = {646--651}
}

@Mastersthesis{Ols2005,
	author = 	{F.~Olsson},
	title = 	{A multi-agent system for playing the board game {R}isk},
	year = 	2005,
	school = 	{Blekinge Institute of Technology}
}

@PhDThesis{Billings2006,
	author = {D.~Billings},
	title  ={Algorithms and Assessment in Computer Poker},
	year = {2006},
	school = {University of Alberta}
}

@Mastersthesis{Johanson2007,
	author = {M.~Johanson},
	title  ={Robust Strategies and Counter-Strategies: Building a Champion Level Computer Poker Player},
	year = {2007},
	school = {University of Alberta}
}

@Conference{BillingsEtAl2004,
	author = {D.~Billings and M.~Bowling and N.~Burch and A.~Davidson and R.~Holte and J.~Schaeffer and T.~Schauenberg},
	title = {Game tree search with adaptation in stochastic imperfect information games},
	year  = {2004},
	booktitle = {International Conference on Computers and Games (CG)},
	pages = {21--34}
}

@Mastersthesis{Schauenberg2006,
	author = {T.~Schauenberg},
	title  ={Opponent modelling and search in poker},
	year = {2006},
	school = {University of Alberta}
}

@Mastersthesis{Davidson2002,
	author = {A.~Davidson},
	title  ={Opponent Modeling in Poker: {L}earning and acting in a hostile and uncertain environment},
	year = {2002},
	school = {University of Alberta}
}

@Conference{Gilpin&Sandholm2005,
	author = {A.~Gilpin and T.~Sandholm},
	title = {Optimal {R}hode {I}sland {H}old'em Poker},
	year  = {2005},
	booktitle = {AAAI-05 Intelligent Systems Demonstrations},
	pages = {1684--1685}
}

@Conference{KollerEtAl1994,
	author = {D.~Koller and N.~Megiddo and B.~von Stengel},
	title = {Fast algorithms for finding randomized strategies in game trees},
	year  = {1994},
	booktitle = {Annual ACM Symposium on Theory of Computing, STOC'94},
	pages = {750--759}
}

@Conference{Gilpin&Sandholm2006,
	author = {A.~Gilpin and T.~Sandholm},
	title = {A competitive {T}exas {H}old'em poker player via automated abstraction and real-time equilibrium computation},
	year  = {2006},
	booktitle = {AAAI},
	pages = {1007--1013}
}

@Conference{ZinkevichEtAl2008,
	author = {M.~Zinkevich and M.~Johanson and M.~Bowling and C.~Piccione},
	title = {Regret minimization in games with incomplete information},
	year  = {2008},
	booktitle = {Advances in Neural Information Processing Systems 20 (NIPS)}
}

@Misc{MvMPage,
year = "2008",
title = "The Second Man-Machine Poker Competition",
howpublished = {\url{http://poker.cs.ualberta.ca/man-machine}},
institution = "University of Alberta"
}

@Conference{MaxN,
	author = {C.A.~Luckhart and K.B.~Irani},
	title = {An algorithmic solution of n-person games},
	year = {1986},
	booktitle = {AAAI-86},
	pages = {158--162}
	}
	
@Conference{Paranoid,
	author = {N.~Sturtevant and R.~Korf},
	title = {On pruning techniques for multi-player games},
	year = {2000},
	booktitle = {AAAI-2000},
	pages = {201--207}
}

@Conference{UCT,
	author = {L.~Kocsis and C.~Szepesvari},
	title = {Bandit based {M}onte-{C}arlo planning},
	year = {2006},
	booktitle = {15th European Conference on Machine Learning},
	pages = {282--293}
}
	
@Conference{ComputerGo,
	author = {S.~Gelly and D.~Silver},
	title = {Achieving master level play in 9 $\times$ 9 {C}omputer {G}o},
	year = {2008},
	booktitle = {AAAI},
	editor = {Dieter Fox and Carla P.~Gomes},
	publisher = {AAAI Press},
	pages = {1537--1540}
}

@Conference{GAMM,
	author = {G.~Lee and V.~Bulitko},
	title = {{GAMM}: genetic algorithms with meta-models for vision},
	year = {2005},
	booktitle = {Proceedings of the Genetic and Evolutionary Computation Conference (GECCO)},
	address = {Washington, D.C.},
	pages = {2029--2036}
}

@Article{HSMM,
	title = {HSMM: Heuristic Search with Meta-Models for Image Interpretation},
	author = {G.~Lee and V.~Bulitko and I.~Levner},
	year = {2007},
	journal = {J.~of Mult.-Valued Logic & Soft Computing},
	volume = {\textbf{14}},
	pages = {129--143}
}

@Article{Nash1951,
	title = {Non-cooperative games},
	author = {J.~Nash},
	journal = {The Annals of Mathematics},
	year = {1951},
	volume = {\textbf{54}},
	pages = {286--295}
}

@Book{Osborne&Rubenstein1994,
	author = {M.~Osborne and A.~Rubenstein},
	title = {A {C}ourse in {G}ame {T}heory},
	publisher = {The MIT Press},
	address = {Cambridge, Massachusetts},
	year = {1994}
	}es = {1537--1540}
}

@Article{Othello,
	author = {M.~Buro},
	title = {The {O}thello match of the year: {T}akeshi {M}urakami vs.~{L}ogistello},
	year = {1997},
	journal = {International Computer Chess Association Journal},
	volume = {\textbf{20}},
	pages = {189--193}
}

@Article{DeepBlue,
	author = {M.~Campbell and A.J.~{Hoane Jr.} and {F.-h.}~Hsu},
	title = {Deep Blue},
	year = {2002},
	journal = {Artificial Intelligence},
	volume = {\textbf{134}},
	pages = {57--83}
}

@Article{Chinook,
	author = {J.~Schaeffer and R.~Lake and P.~Lu and M.~Bryant},
	title = {Chinook: {T}he world {M}an-{M}achine {C}heckers {C}hampion},
	year = {1996},
	journal = {AI Magazine},
	volume = {\textbf{17}},
	pages = {21--29}
}

@Conference{BillingsEtAl2003,
	author = {D.~Billings and N.~Burch and A.~Davidson and R.~Holte and J.~Schaeffer and T.~Schauenberg and D.~Szafron},
	title = {Approximating game-theoretic optimal strategies for full-scale poker},
	year = {2003},
	booktitle = {Proceedings of the 2003 International Joint Conference on Artificial Intelligence},
	pages = {661--668}
}

@Misc{MvM2007,
year = "2007",
title = "The First Man-Machine Poker Competition",
howpublished = {\url{http://poker.cs.ualberta.ca/man-machine/2007}},
institution = "University of Alberta"
}

@Misc{AAAI2009,
year = "2009",
title = "2009 Computer Poker Competition",
howpublished = {\url{http://www.cs.ualberta.ca/~pokert/2009/index.php}},
institution = "University of Alberta"
}

@Mastersthesis{GregLeeThesis,
	author = {G.~Lee},
	title  ={Automated Action Set Selection in {M}arkov Decision Processes},
	year = {2004},
	school = {University of Alberta}
}	

@Misc{WikipediaRisk,
	author = {Wikipedia},
	year = "2009",
	title = "Risk(game) - {W}ikipedia, the free encyclopedia",
	howpublished = {\url{http://en.wikipedia.org/wiki/Risk_(game)#Standard}},
	note = {On-line; accessed 18-Nov-2009}
}

@Misc{Hasbro,
	author = {Hasbro},
	year = "1993",
	howpublished = {\url{http://www.hasbro.com/common/instruct/Risk.pdf}},
	note = {On-line; accessed 20-Nov-2009}
}

@article{Cadia,
    author = {Bjornsson, Y. and Finnsson, H.},
    booktitle = {Computational Intelligence and AI in Games, IEEE Transactions on},
    journal = {Computational Intelligence and AI in Games, IEEE Transactions on},
    month = {March},
    pages = {4--15},
    posted-at = {2009-08-04 18:46:32},
    title = {CadiaPlayer: A Simulation-Based General Game Player},
    url = {http://dx.doi.org/10.1109/TCIAIG.2009.2018702},
    volume = {\textbf{1}},
    year = {2009}
}

@Book{SuttonBarto1998,
	author = {R.S.~Sutton and A.G.~Barto},
	title = {Reinforcement Learning: An Introduction},
	publisher = {The MIT Press},
	address = {Cambridge, Massachusetts},
	year = {1998}
}