@Conference{ZuckFelnerKraus2009,
	title = {Mixing search strategies for multi-player games},
	author = {I.~Zuckerman and A.~Felner and S.~Kraus},
	booktitle = {IJCAI},
	year = {2009},
	pages = {646--651}
}

@Conference{MaxN,
	author = {C.A.~Luckhart and K.B.~Irani},
	title = {An algorithmic solution of n-person games},
	year = {1986},
	booktitle = {AAAI-86},
	pages = {158--162}
	}
	
@Conference{Paranoid,
	author = {N.~Sturtevant and R.~Korf},
	title = {On pruning techniques for multi-player games},
	year = {2000},
	booktitle = {AAAI-2000},
	pages = {201--207}
}

@Conference{UCT,
	author = {L.~Kocsis and C.~Szepesvari},
	title = {Bandit based {M}onte-{C}arlo planning},
	year = {2006},
	booktitle = {15th European Conference on Machine Learning},
	pages = {282--293}
}
	
@Conference{ComputerGo,
	author = {S.~Gelly and D.~Silver},
	title = {Achieving master level play in 9 $\times$ 9 {C}omputer {G}o},
	year = {2008},
	booktitle = {AAAI},
	editor = {Dieter Fox and Carla P.~Gomes},
	publisher = {AAAI Press},
	pages = {1537--1540}
}

@Conference{GAMM,
	author = {G.~Lee and V.~Bulitko},
	title = {{GAMM}: genetic algorithms with meta-models for vision},
	year = {2005},
	booktitle = {Proceedings of the Genetic and Evolutionary Computation Conference (GECCO)},
	address = {Washington, D.C.},
	pages = {2029--2036}
}